<?xml version="1.0" encoding="UTF-8"?><collection xmlns="http://www.loc.gov/MARC21/slim"><record><leader>00574nam--2200193-u-4500</leader><controlfield tag="001">000055524</controlfield><controlfield tag="002">20161230</controlfield><controlfield tag="005">20161230201052</controlfield><controlfield tag="008">130219s1000------------r-----000-0-rum-d</controlfield><datafield ind1=" " ind2=" " tag="040"><subfield code="a">IFIN-HH</subfield></datafield><datafield ind1=" " ind2=" " tag="041"><subfield code="a">rum</subfield></datafield><datafield ind1=" " ind2=" " tag="080"><subfield code="a">538.9</subfield></datafield><datafield ind1="1" ind2=" " tag="100"><subfield code="a">Sofronie, Mihaela-iuliana</subfield></datafield><datafield ind1="1" ind2="0" tag="245"><subfield code="a">Proprietati magnetice si tranzitii de faza in sisteme cu memoria formei</subfield><subfield code="b">Teza</subfield><subfield code="c">Mihaela-iuliana sofronie</subfield></datafield><datafield ind1=" " ind2=" " tag="260"><subfield code="a">Bucuresti</subfield><subfield code="b">Universitatea</subfield><subfield code="c">2012</subfield></datafield><datafield ind1=" " ind2=" " tag="300"><subfield code="a">175P</subfield></datafield><datafield ind1="1" ind2=" " tag="500"><subfield code="a">Conducator Stiintific: Prof.Dr. George Filoti</subfield></datafield><datafield ind1=" " ind2=" " tag="852"><subfield code="a">82333</subfield><subfield code="c">538.9</subfield></datafield><datafield ind1=" " ind2=" " tag="CAT"><subfield code="a">Sys</subfield><subfield code="c">20130219</subfield><subfield code="h">174415</subfield></datafield></record></collection>